@online{alyssaShinyArticle,
	author = "Longmuir, Alyssa",
	title = "Building a Shot-Plotting App in Shiny",
	url  = "https://hockey-graphs.com/2020/10/01/building-a-shot-plotting-app-in-shiny",
	day = {"01"},
	month = 10,
	year = 2020,
	organization = "Hockey Graphs"
}

@online{tapetotape,
	author= "Iyer, Prashanth",
	title="An Introduction to New Tracking Technology",
	url="https://hockey-graphs.com/2018/01/02/an-introduction-to-new-tracking-technology",
	day = {"02"},
	month = 1,
	year = 2018
}



@online{alyssaAustraliaArticle,
	author = "Longmuir, Alyssa",
	title = "An Australian Hockey Analytics Odyssey",
	url  = "https://www.theicegarden.com/2019/1/27/18185866/analytics-odyssey-womens-hockey-awihl-australia-statistics-analysis-data-tracking",
	date = 27,
	month = 1,
	year = 2019,
	organization = "The Ice Garden"
}


@online{alyssaWebsite,
	author = {Longmuir, Alyssa},
	title = {Hockey Plotter},
	url = {https://aklongmuir.shinyapps.io/HockeyPlotter},
	version = {1.1},
}

@online{shotplot,
	author = {Pucci, Andrew},
	title = {ShotPlot},
	url = {https://shotplot.app},
}


@inbook{nhlrulebook,
	author = {National Hockey League},
	date = {2021},
	booktitle = {National Hockey League Official Rules 2021-2022},
	title = {Section 1 - Playing Area}
}
